<record xmlns="http://www.loc.gov/MARC21/slim" xmlns:xsi="http://www.w3.org/2001/XMLSchema-instance" xsi:schemaLocation="http://www.loc.gov/MARC21/slim http://www.loc.gov/standards/marcxml/schema/MARC21slim.xsd"><leader>01845cz   2200409n  4500</leader><controlfield tag="001">oca01101747 </controlfield><controlfield tag="005">19910124055739.4</controlfield><controlfield tag="008">840214n| acannaab|          |a aaa      </controlfield><datafield ind1=" " ind2=" " tag="010"><subfield code="a">n  82256222 </subfield></datafield><datafield ind1=" " ind2=" " tag="040"><subfield code="a">DLC</subfield><subfield code="c">DLC</subfield><subfield code="d">NNC</subfield></datafield><datafield ind1="0" ind2=" " tag="100"><subfield code="a">Philo,</subfield><subfield code="c">of Byblos</subfield></datafield><datafield ind1="0" ind2=" " tag="400"><subfield code="a">Philo,</subfield><subfield code="c">Byblius</subfield></datafield><datafield ind1="0" ind2=" " tag="400"><subfield code="a">Herennius Philon,</subfield><subfield code="c">von Byblos</subfield></datafield><datafield ind1="0" ind2=" " tag="400"><subfield code="a">Herennius,</subfield><subfield code="c">Byblius</subfield></datafield><datafield ind1="1" ind2=" " tag="400"><subfield code="a">Philo, Herrenius,</subfield><subfield code="c">of Byblus</subfield><subfield code="w">nnaa</subfield></datafield><datafield ind1="0" ind2=" " tag="400"><subfield code="a">Philo Herrenius,</subfield><subfield code="c">of Byblus</subfield></datafield><datafield ind1="1" ind2=" " tag="400"><subfield code="a">Byblos, Philo of</subfield></datafield><datafield ind1="0" ind2=" " tag="400"><subfield code="a">PhiloÌ&#x84;n,</subfield><subfield code="c">ho Erennios</subfield></datafield><datafield ind1="0" ind2=" " tag="400"><subfield code="a">PhiloÌ&#x84;n,</subfield><subfield code="c">ek Byblou</subfield></datafield><datafield ind1="0" ind2=" " tag="400"><subfield code="a">Philon,</subfield><subfield code="c">of Byblos</subfield></datafield><datafield ind1="0" ind2=" " tag="400"><subfield code="a">Herennius Philo</subfield></datafield><datafield ind1="0" ind2=" " tag="400"><subfield code="a">Eranius Philo</subfield></datafield><datafield ind1="0" ind2=" " tag="400"><subfield code="a">Erennio Filone</subfield></datafield><datafield ind1="0" ind2=" " tag="400"><subfield code="a">Herennius Philo,</subfield><subfield code="c">Byblius</subfield></datafield><datafield ind1="0" ind2=" " tag="400"><subfield code="a">Herennius Philon,</subfield><subfield code="c">Byblius</subfield></datafield><datafield ind1="0" ind2=" " tag="400"><subfield code="a">Erennios,</subfield><subfield code="c">ho PhiloÌ&#x84;n, ho Byblios</subfield></datafield><datafield ind1=" " ind2=" " tag="670"><subfield code="a">Baumgarten, A. I. The Phoenician hist. of Philo of Byblos, 1981:</subfield><subfield code="b">t.p. (Philo of Byblos) p. 2, etc. (Greek speaking litterateur of the Hadrianic period; Herennius Philon von Byblos)</subfield></datafield><datafield ind1=" " ind2=" " tag="670"><subfield code="a">Encyc. Americana</subfield><subfield code="b">(Philo Byblius or Herennius Byblius)</subfield></datafield><datafield ind1=" " ind2=" " tag="670"><subfield code="a">LC data base, 2/8/84</subfield><subfield code="b">(hdg.: Philo, Herrenius, of Byblus; usage: Philo of Byblos)</subfield></datafield><datafield ind1=" " ind2=" " tag="670"><subfield code="a">Encycl. Brit.</subfield><subfield code="b">(Philo of Byblos)</subfield></datafield><datafield ind1=" " ind2=" " tag="670"><subfield code="a">Oxford class. dict.</subfield><subfield code="b">(Philon, of Byblos)</subfield></datafield><datafield ind1=" " ind2=" " tag="670"><subfield code="a">Papyros-Larous.</subfield><subfield code="b">(Philon, ho Erennios, geographos kai historikos, ek Byblou tes Poinikes)</subfield></datafield><datafield ind1=" " ind2=" " tag="670"><subfield code="a">His De diversis verborum significationibus, 1988:</subfield><subfield code="b">t.p. (Herennius Philo) p. 15 (Erennio Filone) p. 16 (Herennius Philo Byblius, Herennius Philon Byblius) p. 23 (Erennios ho PhiloÌ&#x84;n ho Byblios)</subfield></datafield><datafield ind1=" " ind2=" " tag="670"><subfield code="a">BN [ser. 1]</subfield><subfield code="b">(Eranius Philo)</subfield></datafield><datafield ind1=" " ind2=" " tag="670"><subfield code="a">Harper's dict. of class. lit. &amp; antiq.</subfield><subfield code="b">(Philo Byblius; b. 61, Byblos; d. 141)</subfield></datafield><datafield ind1=" " ind2=" " tag="670"><subfield code="a">Pauly-Wissowa:</subfield><subfield code="b">v. 8, pt. 1 (Herennius Philo; Greek grammarian)</subfield></datafield><datafield ind1=" " ind2=" " tag="675"><subfield code="a">Collier's.</subfield></datafield></record>